% Machine Translation
@article{kim2014convolutional,
  title={Convolutional neural networks for sentence classification},
  author={Kim, Yoon},
  journal={arXiv preprint arXiv:1408.5882},
  year={2014}
}


@article{hochreiter1997long,
  title={Long short-term memory},
  author={Hochreiter, Sepp and Schmidhuber, J{\"u}rgen},
  journal={Neural computation},
  volume={9},
  number={8},
  pages={1735--1780},
  year={1997},
  publisher={MIT Press}
}
@article{khan2015combining,
  title={Combining lexicon-based and learning-based methods for Twitter sentiment analysis},
  author={Khan, Aamera ZH and Atique, Mohammad and Thakare, VM},
  journal={International Journal of Electronics, Communication and Soft Computing Science \& Engineering (IJECSCSE)},
  pages={89},
  year={2015},
  publisher={International Journal of Electronics, Communication and Soft Computing Science and Engineering}
}
@inproceedings{nasukawa2003sentiment,
  title={Sentiment analysis: Capturing favorability using natural language processing},
  author={Nasukawa, Tetsuya and Yi, Jeonghee},
  booktitle={Proceedings of the 2nd international conference on Knowledge capture},
  pages={70--77},
  year={2003},
  organization={ACM}
}
@book{miner2012practical,
  title={Practical text mining and statistical analysis for non-structured text data applications},
  author={Miner, Gary and Elder IV, John and Hill, Thomas},
  year={2012},
  publisher={Academic Press}
}
@article{liu2010sentiment,
  title={Sentiment Analysis and Subjectivity.},
  author={Liu, Bing},
  journal={Handbook of natural language processing},
  volume={2},
  pages={627--666},
  year={2010}
}
@article{lei2016rationalizing,
  title={Rationalizing neural predictions},
  author={Lei, Tao and Barzilay, Regina and Jaakkola, Tommi},
  journal={arXiv preprint arXiv:1606.04155},
  year={2016}
}
@inproceedings{socher2013recursive,
  title={Recursive deep models for semantic compositionality over a sentiment treebank},
  author={Socher, Richard and Perelygin, Alex and Wu, Jean and Chuang, Jason and Manning, Christopher D and Ng, Andrew and Potts, Christopher},
  booktitle={Proceedings of the 2013 conference on empirical methods in natural language processing},
  pages={1631--1642},
  year={2013}
}


@article{collobert2011natural,
  title={Natural language processing (almost) from scratch},
    author={Collobert, Ronan and Weston, Jason and Bottou, L{\'e}on and Karlen, Michael and Kavukcuoglu, Koray and Kuksa, Pavel},
      journal={The Journal of Machine Learning Research},
        volume={12},
          pages={2493--2537},
            year={2011},
              publisher={JMLR. org},
                            url={http://arxiv.org/pdf/1103.0398}
              }


@inproceedings{wang2012baselines,
  title={Baselines and bigrams: Simple, good sentiment and topic classification},
    author={Wang, Sida and Manning, Christopher D},
      booktitle={Proceedings of the 50th Annual Meeting of the Association for Computational Linguistics: Short Papers-Volume 2},
        pages={90--94},
          year={2012},
            organization={Association for Computational Linguistics},
            url={http://www.aclweb.org/anthology/P/P12/P12-2.pdf#page=118}
            }

@article{berger1996maximum,
  title={A maximum entropy approach to natural language processing},
    author={Berger, Adam L and Pietra, Vincent J Della and Pietra, Stephen A Della},
      journal={Computational linguistics},
        volume={22},
          number={1},
            pages={39--71},
              year={1996},
                publisher={MIT Press},
                url={http://www.cs.columbia.edu/~jebara/6772/papers/maxent.pdf}
                }

@incollection{bottou2012stochastic,
  title={Stochastic gradient descent tricks},
    author={Bottou, L{\'e}on},
      booktitle={Neural Networks: Tricks of the Trade},
        pages={421--436},
          year={2012},
            publisher={Springer},
            url={http://link.springer.com/content/pdf/10.1007%2F978-3-642-35289-8.pdf}
}


@book{murphy2012machine,
          title={Machine learning: a probabilistic perspective},
            author={Murphy, Kevin P},
              year={2012},
                publisher={MIT press}
                }
                